<?xml version="1.0" encoding="UTF-8"?><collection xmlns="http://www.loc.gov/MARC21/slim"><record><leader>00646nam--2200193-i-4500</leader><controlfield tag="001">000029921</controlfield><controlfield tag="002">20161230</controlfield><controlfield tag="005">20161230201038</controlfield><controlfield tag="008">060222s1000------------r-----000-0-eng-d</controlfield><datafield ind1=" " ind2=" " tag="040"><subfield code="a">IFIN-HH</subfield></datafield><datafield ind1=" " ind2=" " tag="080"><subfield code="a">524.523(061.3)</subfield></datafield><datafield ind1="1" ind2=" " tag="100"><subfield code="a">Wilson, T.L</subfield></datafield><datafield ind1="1" ind2="0" tag="245"><subfield code="a">Lecture notes in physics. vol.42: h ii regions and related topics. proceedings of a symposium held at mittelberg, kleinwalseral, austria, january 13-17, 1975</subfield><subfield code="c">T.l. wilson, d. downes (ed.)</subfield></datafield><datafield ind1=" " ind2=" " tag="260"><subfield code="a">Berlin</subfield><subfield code="b">Springer-verlag</subfield><subfield code="c">1975</subfield></datafield><datafield ind1=" " ind2=" " tag="300"><subfield code="a">VII+488P</subfield></datafield><datafield ind1=" " ind2=" " tag="490"><subfield code="a">Lecture Notes In Physics, 42</subfield></datafield><datafield ind1="1" ind2=" " tag="700"><subfield code="a">Downes, D</subfield><subfield code="e">Ed</subfield></datafield><datafield ind1=" " ind2=" " tag="852"><subfield code="a">33191</subfield><subfield code="c">53</subfield></datafield><datafield ind1=" " ind2=" " tag="CAT"><subfield code="a">Sys</subfield><subfield code="c">20150224</subfield><subfield code="h">123630</subfield></datafield></record></collection>